<record><leader>00000cas a22000007a 4500</leader><controlfield tag="001">10172109</controlfield><controlfield tag="008">831130d187u1889utucr ne      0    0eng d</controlfield><datafield ind1=" " ind2=" " tag="010"><subfield code="a">sn 83021456 </subfield></datafield><datafield ind1=" " ind2=" " tag="040"><subfield code="a">NPX</subfield><subfield code="b">eng</subfield><subfield code="c">NPX</subfield><subfield code="d">UNP</subfield><subfield code="d">DLC</subfield><subfield code="d">NVF</subfield><subfield code="d">KRTAS</subfield><subfield code="d">UBY</subfield><subfield code="d">OCLCQ</subfield><subfield code="d">OCLCF</subfield><subfield code="d">OCLCO</subfield></datafield><datafield ind1=" " ind2=" " tag="042"><subfield code="a">msc</subfield></datafield><datafield ind1=" " ind2=" " tag="043"><subfield code="a">n-us-ut</subfield></datafield><datafield ind1="0" ind2="0" tag="245"><subfield code="a">Deseret news. Semi-weekly.</subfield></datafield><datafield ind1=" " ind2=" " tag="260"><subfield code="a">Salt Lake City, Utah :</subfield><subfield code="b">G.Q. Cannon</subfield></datafield><datafield ind1=" " ind2=" " tag="300"><subfield code="a">v. ;</subfield><subfield code="c">66 cm.</subfield></datafield><datafield ind1=" " ind2=" " tag="310"><subfield code="a">Semiweekly</subfield></datafield><datafield ind1="1" ind2=" " tag="362"><subfield code="a">Ceased in Jan. 1889?</subfield></datafield><datafield ind1=" " ind2=" " tag="500"><subfield code="a">Editor: D.O. Calder, &lt;1873&gt;-1877.</subfield></datafield><datafield ind1=" " ind2=" " tag="530"><subfield code="a">Available on microfilm from Universal Microfilming Corporation.</subfield></datafield><datafield ind1=" " ind2=" " tag="580"><subfield code="a">Daily ed.: Deseret evening news, &lt;1873-1888&gt;.</subfield></datafield><datafield ind1=" " ind2=" " tag="580"><subfield code="a">Weekly eds.: Deseret news (Salt Lake City, Utah : 1850), &lt;1873&gt;-1888, and: Deseret weekly, 1888-&lt;&gt;.</subfield></datafield><datafield ind1=" " ind2=" " tag="588"><subfield code="a">Description based on: Vol. 8, no. 1 (Feb. 1, 1873).</subfield></datafield><datafield ind1=" " ind2="0" tag="651"><subfield code="a">Salt Lake City (Utah)</subfield><subfield code="v">Newspapers.</subfield></datafield><datafield ind1=" " ind2="7" tag="655"><subfield code="a">Newspapers.</subfield><subfield code="2">fast</subfield><subfield code="0">(OCoLC)fst01423814</subfield></datafield><datafield ind1=" " ind2="7" tag="651"><subfield code="a">Utah</subfield><subfield code="z">Salt Lake City.</subfield><subfield code="2">fast</subfield><subfield code="0">(OCoLC)fst01205314</subfield></datafield><datafield ind1="1" ind2=" " tag="700"><subfield code="a">Calder, David O.,</subfield><subfield code="d">1823-1884.</subfield></datafield><datafield ind1=" " ind2=" " tag="752"><subfield code="a">United States</subfield><subfield code="b">Utah</subfield><subfield code="c">Salt Lake</subfield><subfield code="d">Salt Lake City.</subfield></datafield><datafield ind1="1" ind2=" " tag="775"><subfield code="t">Deseret evening news</subfield><subfield code="w">(DLC)sn 83045555</subfield><subfield code="w">(OCoLC)9505727</subfield></datafield><datafield ind1="1" ind2=" " tag="775"><subfield code="t">Deseret news (Salt Lake City, Utah : 1850)</subfield><subfield code="w">(DLC)sn 83045554</subfield><subfield code="w">(OCoLC)7004918</subfield></datafield><datafield ind1="1" ind2=" " tag="775"><subfield code="t">Deseret weekly</subfield><subfield code="w">(DLC)sn 85058149</subfield><subfield code="w">(OCoLC)12094929</subfield></datafield><datafield ind1="0" ind2="0" tag="780"><subfield code="t">Deseret news (Salt Lake City, Utah : 1865)</subfield><subfield code="w">(DLC)sn 83021455</subfield><subfield code="w">(OCoLC)10171976</subfield></datafield><datafield ind1="0" ind2="0" tag="785"><subfield code="t">Deseret semi-weekly news</subfield><subfield code="w">(DLC)sn 84024757</subfield><subfield code="w">(OCoLC)11145674</subfield></datafield><datafield ind1=" " ind2=" " tag="938"><subfield code="a">Kirtas Technologies, Inc.</subfield><subfield code="b">KRTS</subfield><subfield code="n">737920</subfield></datafield></record>